%
% references.bib -- Bibliography file for the paper leo
%
% (c) 2020 Autor, Hochschule Rapperswil
%

@book{leo:astronautics,
	title = {Astronautics},
	author = {Ulrich Walter},
	publisher = {Springer Cham},
	year = {2019},
	isbn = {978-3-319-74372-1},
	edition = {3}
}

@article{leo:timstruppi,
	author = {Jan Voelkel and Anneliese Odenthal and Robert Hahn and Peter Kohl and Mathias Martin and Sarah Brender and Anette Hartkopf and Jürgen Rees and Eva Schissler}, 
	title = {50 Jahre Mondlandung},
	journal = {Uni Köln Multimediastories},
	year = 2019,
	url = {https://story.uni-koeln.de/50-jahre-mondlandung/}
}

@techreport{wilson1976apollo,
	author       = {Wilson, R. E., Jr.},
	title        = {Apollo experience report: Guidance and control systems},
	institution  = {NASA Lyndon B. Johnson Space Center},
	year         = {1976},
	month        = {June},
	type         = {NASA Technical Note},
	number       = {JSC-S-418, NASA-TN-D-8249},
	note         = {Document ID: 19760019156, Accession Number: 76N26244},
	url          = {https://ntrs.nasa.gov/api/citations/19760019156/downloads/19760019156.pdf},
}

